@misc{bib1,
  author = {{ทศพล  ต้นสมบัติ.}},
  title = {ระบบปฏิบัติการ ANDROID},
  date = {},
  month = {},
  year = {ม.ป.ป.},
  note = {12 พฤษภาคม 2561},
  url = {https://beerkung.wordpress.com/ระบบปฏิบัติการรุ่นล่าส/ระบบปฏิบัติการ-android.html}
}

@misc{bib2,
  author = {{kissana362.}},
  title = {ระบบปฏิบัติการ ANDROID},
  date = {},
  month = {},
  year = {2559},
  note = {12 พฤษภาคม 2561},
  url = {http://kissana362.blogspot.com/}
}


@book{java,
    author = {{ดร.วีระศักดิ์ ซึงถาวร.}},
    title = {JAVA PROGRAMMING Volume I},
    date = {},
    month = {},
    year = {2545},
    publisher = {กรุงเทพฯ: ซีเอ็ดยูเคชั่น}
}


@misc{py,
  author = {{marcuscode.}},
  title = {แนะนำภาษา Python},
  url = {http://marcuscode.com/lang/python/introduction},
  date = {},
  month = {},
  year = {2018},
  note = {2 พฤษภาคม 2561}
}

@misc{bpy,
  author = {{Janita Jangjaibun}},
  title = {การเขียนภาษาไพธอน (Python)เบื้องต้น},
  url = {https://prezi.com/p/fpriuacpdxai/python/},
  date = {},
  month = {},
  year = {2018},
  note = {12 พฤษภาคม 2561}
}

@misc{imgp,
  author = {{nextsoftwares}},
  title = {ความรู้เบื้องต้นเกี่ยวกับการประมวลผลภาพดิจิทัล},
  url = {https://nextsoftwares.wordpress.com/2014/05/22/},
  date = {},
  month = {},
  year = {2014},
  note = {12 พฤษภาคม 2561}
}
https://nextsoftwares.wordpress.com/2014/05/22/
@misc{AI,
  author = {{ร.อ.หญิง กฤติยา รัตแพทย์}},
  title = {AI : Artificial Intelligence หรือปัญญาประดิษฐ์},
  url = {https://www.gotoknow.org/posts/163433},
  date = {},
  month = {},
  year = {2018},
  note = {12 พฤษภาคม 2561}
}

@misc{deeplearning,
	author = {Athiwat},
	title = {Deep learning},
	day = {24},
	month = {เมษายน},
	year = {2561},
	url = {https://medium.com/athivvat/deep-leaning-คืออะไร-785e16d01773}
}
 

 @misc{neural,
	author = {Anonymous},
	title = {Neural network},
	day = {25},
	month = {เมษายน},
	year = {2561},
	url = {https://coladev.com/machine-learning/neural-network/2017/02/22/neural-network-basic}
}

@misc{machinelearning,
	author = {
	DumpDataSci},
	title = {Machine Learning},
	day = {25},
	month = {เมษายน},
	year = {2561},
	url = {https://medium.com/dumpdatasci.th/machine-learning-คืออะไร-พร้อมตัวอย่างในชีวิตจริง-b3f8faf0b4da}


}

@misc{fi,
	author = {Jedsada Saengow},
	title = {Firebase คืออะไร มาดูวิธีสร้าง},
	day = {16},
	month = {พฤษภาคม},
	year = {2018},
	url = {https://medium.com/jed-ng/firebase-%E0%B8%84%E0%B8%B7%E0%B8%AD%E0%B8%AD%E0%B8%B0%E0%B9%84%E0%B8%A3-%E0%B8%A1%E0%B8%B2%E0%B8%94%E0%B8%B9%E0%B8%A7%E0%B8%B4%E0%B8%98%E0%B8%B5%E0%B8%AA%E0%B8%A3%E0%B9%89%E0%B8%B2%E0%B8%87-project-%E0%B9%81%E0%B8%A5%E0%B8%B0%E0%B8%97%E0%B8%B3%E0%B8%84%E0%B8%A7%E0%B8%B2%E0%B8%A1%E0%B8%A3%E0%B8%B9%E0%B9%89%E0%B8%88%E0%B8%B1%E0%B8%81%E0%B8%81%E0%B8%B1%E0%B8%9A-firebase-d48bfac67b14}


}

@misc{blackbox,
  author = {{Atthaboon S.}},
  title = {BLACK-BOX TESTING STRATEGY
           },
  url = {http://everybitsconsult.com/blog/2015/06/22/black-box-testing.html},
  date = {},
  month = {},
  year = {2555},
  note = {20 พฤษภาคม 2561}
}


@misc{eStudentloan,
  author = {{Tni.Student.}},
  title = {แอปพลิเคชัน eStudentloan},
  url = {https://play.google.com/store/apps/details?id=th.co.dest.anek.studentloan},
  date = {},
  month = {},
  year = {2560},
  note = {20 พฤษภาคม 2561}
}

@misc{กยศ,
  author = {{กองทุนเงินให้กู้ยืมเพื่อการศึกษา(กยศ.).}},
  title = {กองทุนเงินให้กู้ยืมเพื่อการศึกษา(กยศ.)},
  url = {https://www.studentloan.or.th/index.php/aboutus},
  date = {},
  month = {},
  year = {2554},
  note = {20 พฤษภาคม 2561}
}

@misc{ScanLibrary,
  author = {{jhansireddy.}},
  title = {AndroidScannerDemo},
  url = {https://www.studentloan.or.th/index.php/aboutus},
  date = {},
  month = {},
  year = {2557},
  note = {3 เมษายา 2561}
}

@misc{firestore,
  author = {{Thanongkiat Tamtai.}},
  title = {เข้มข้นกับ Firebase Cloud Firestore},
  date = {},
  month = {},
  year = {2557},
  url = {https://goo.gl/ZmqY3g},
  note = {18 เมษายา 2561}
}

@misc{scenario,
  author = {{ Inflectra. }},
  title = {Software Testing Methodologies},
  date = {},
  month = {},
  year = {2018},
  url = {https://www.inflectra.com/ideas/topic/testing-methodologies.aspx},
  note = {14 พฤษภาคม 2561}
}


@misc{js,
  author = {{mindphp.}},
  title = {JavaScript คืออะไร},
  date = {},
  month = {},
  year = {2555},
  url = {https://goo.gl/FAeTb2},
  note = {12 พฤษภาคม 2561}
}

@misc{architecture,
  author = {{Kunchit Phiu-Nual.}},
  title = {ความหมายและความสำคัญของ System Architecture},
  date = {},
  month = {},
  year = {2557},
  url = {https://goo.gl/6ZhGQo},
  note = {12 พฤษภาคม 2561}
}

